@misc{tensorscone,
    doi = {10.48550/ARXIV.1902.04413},
    url = {https://arxiv.org/abs/1902.04413},
    author = {Kunkel, Roland and Quoc, Do Le and Gregor, Franz and Arnautov, Sergei and Bhatotia, Pramod and Fetzer, Christof},
    keywords = {Cryptography and Security (cs.CR), Distributed, Parallel, and Cluster Computing (cs.DC), Machine Learning (cs.LG), FOS: Computer and information sciences, FOS: Computer and information sciences},
    title = {{TensorSCONE: A Secure TensorFlow Framework using Intel SGX}},
    publisher = {arXiv},
    year = {2019},
    copyright = {arXiv.org perpetual, non-exclusive license},
}

@inproceedings{securetf,
    author = {Quoc, Do Le and Gregor, Franz and Arnautov, Sergei and Kunkel, Roland and Bhatotia, Pramod and Fetzer, Christof},
    title = {{SecureTF: A Secure TensorFlow Framework}},
    year = {2020},
    isbn = {9781450381536},
    publisher = {Association for Computing Machinery},
    address = {New York, NY, USA},
    url = {https://doi.org/10.1145/3423211.3425687},
    doi = {10.1145/3423211.3425687},
    booktitle = {Proceedings of the 21st International Middleware Conference},
    pages = {44–59},
    numpages = {16},
    keywords = {confidential computing, intel software guard extensions (Intel SGX), secure machine learning, tensorflow},
    location = {Delft, Netherlands},
    series = {Middleware '20},
}

@inproceedings{usingsgx,
    author = {Karl, Ryan and Takeshita, Jonathan and Jung, Taeho},
    title = {{Using Intel SGX to Improve Private Neural Network Training and Inference}},
    year = {2020},
    isbn = {9781450375610},
    publisher = {Association for Computing Machinery},
    address = {New York, NY, USA},
    url = {https://doi.org/10.1145/3384217.3386399},
    doi = {10.1145/3384217.3386399},
    booktitle = {Proceedings of the 7th Symposium on Hot Topics in the Science of Security},
    articleno = {31},
    numpages = {2},
    keywords = {Intel SGX, privacy-preserving deep learning, neural networks},
    location = {Lawrence, Kansas},
    series = {HotSoS '20},
}
  
@ARTICLE{teeieee,
    author={Jauernig, Patrick and Sadeghi, Ahmad-Reza and Stapf, Emmanuel},
    journal={IEEE Security \& Privacy}, 
    title={{Trusted Execution Environments: Properties, Applications, and Challenges}}, 
    year={2020},
    volume={18},
    number={2},
    pages={56-60},
    keywords={},
    doi={10.1109/MSEC.2019.2947124},
    ISSN={1558-4046},
    month={3},
}
  
@misc{mit,
    author = {Victor Costan and Srinivas Devadas},
    title = {{Intel SGX Explained}},
    howpublished = {Cryptology ePrint Archive, Paper 2016/086},
    year = {2016},
    note = {\url{https://eprint.iacr.org/2016/086}},
    url = {https://eprint.iacr.org/2016/086},
}

@INPROCEEDINGS{sgxcrypter,
    author={Tychalas, Dimitrios and Tsoutsos, Nektarios Georgios and Maniatakos, Michail},
    booktitle={2017 22nd Asia and South Pacific Design Automation Conference (ASP-DAC)}, 
    title={{SGXCrypter: IP protection for portable executables using Intel's SGX technology}}, 
    year={2017},
    volume={},
    number={},
    pages={354-359},
    doi={10.1109/ASPDAC.2017.7858348},
}

@INPROCEEDINGS{securely,
    author={Ács, Dávid and Coleşa, Adrian},
    booktitle={2019 IEEE 15th International Conference on Intelligent Computer Communication and Processing (ICCP)}, 
    title={{Securely Exposing Machine Learning Models to Web Clients using Intel SGX}}, 
    year={2019},
    volume={},
    number={},
    pages={161-168},
    doi={10.1109/ICCP48234.2019.8959635},
}

@techreport{obfuscation,
  edition = {},
  number = {},
  journal = {},
  pages = {},
  publisher = {},
  school = {},
  title = {Intellectual Property Protection using Obfuscation},
  volume = {},
  author = {Drape, S},
  editor = {},
  year = {2010},
  series = {},
}

@book{ml,
  author = {Andrew Wolf},
  year = {2022},
  title = {Machine Learning Simplified: A Gentle Introduction to Supervised Learning},
}

@online{suse,
    author = {SUSE},
    title = {{AMD Secure Encrypted Virtualization (AMD-SEV) Guide}},
    year = 2023,
    url = {https://documentation.suse.com/sles/15-SP1/html/SLES-amd-sev/index.html},
    urldate = {2023-03-09},
}

@online{sgxdev,
    author = {{Intel Corporation}},
    title = {{Intel® Software Guard Extensions (Intel® SGX) SDK for Linux* OS}},
    year = 2022,
    url = {https://download.01.org/intel-sgx/latest/linux-latest/docs/Intel_SGX_Developer_Reference_Linux_2.18_Open_Source.pdf},
    urldate = {2023-03-09},
}

@article{trustzone,
    author = {Pinto, Sandro and Santos, Nuno},
    title = {{Demystifying Arm TrustZone: A Comprehensive Survey}},
    year = {2019},
    issue_date = {November 2019},
    publisher = {Association for Computing Machinery},
    address = {New York, NY, USA},
    volume = {51},
    number = {6},
    issn = {0360-0300},
    url = {https://doi.org/10.1145/3291047},
    doi = {10.1145/3291047},
    journal = {ACM Comput. Surv.},
    month = {1},
    articleno = {130},
    numpages = {36},
    keywords = {virtualization, TEE, Arm, TrustZone, survey, security},
}


@online{aws,
    author = {{Amazon.com, Inc}},
    title = {{AWS Nitro Enclaves}},
    year = 2023,
    url = {https://aws.amazon.com/ec2/nitro/nitro-enclaves/},
    urldate = {2023-03-09},
}

@online{gcp,
    author = {{Google LLC}},
    title = {{Confidential Computing}},
    year = 2023,
    url = {https://cloud.google.com/confidential-computing},
    urldate = {2023-03-09},
}

@online{azure,
    author = {{Microsoft Corporation}},
    title = {{Confidential Computing on Azure}},
    year = 2023,
    url = {https://learn.microsoft.com/en-us/azure/confidential-computing/overview-azure-products},
    urldate = {2023-03-09},
}

@INPROCEEDINGS{sgxpy,
    author={Zhang, Denghui and Wang, Guosai and Xu, Wei and Gao, Kevin},
    booktitle={2019 26th Asia-Pacific Software Engineering Conference (APSEC)}, 
    title={SGXPy: Protecting Integrity of Python Applications with Intel SGX}, 
    year={2019},
    volume={},
    number={},
    pages={418-425},
    doi={10.1109/APSEC48747.2019.00063},
}

@software{gramine,
    author = {{Gramine}},
    title = {Gramine},
    url = {https://gramineproject.io/},
    version = {1.4},
    date = {2023-03-20},
}

@inproceedings{graminepaper,
    author = {Tsai, Chia-Che and Arora, Kumar Saurabh and Bandi, Nehal and Jain, Bhushan and Jannen, William and John, Jitin and Kalodner, Harry A. and Kulkarni, Vrushali and Oliveira, Daniela and Porter, Donald E.},
    title = {Cooperation and Security Isolation of Library OSes for Multi-Process Applications},
    year = {2014},
    isbn = {9781450327046},
    publisher = {Association for Computing Machinery},
    address = {New York, NY, USA},
    url = {https://doi.org/10.1145/2592798.2592812},
    doi = {10.1145/2592798.2592812},
    booktitle = {Proceedings of the Ninth European Conference on Computer Systems},
    articleno = {9},
    numpages = {14},
    location = {Amsterdam, The Netherlands},
    series = {EuroSys '14},
}

@online{sgxinstall,
    author = {{Intel Corporation}},
    title = {{Intel® SGX Software Installation Guide For Linux* OS}},
    year = 2022,
    url = {https://download.01.org/intel-sgx/latest/linux-latest/docs/Intel_SGX_SW_Installation_Guide_for_Linux.pdf},
    urldate = {2023-03-20},
}

@online{intelportal,
    author = {{Intel Corporation}},
    title = {{Intel® Trusted Services Portal}},
    url = {https://api.portal.trustedservices.intel.com/},
    year = 2023,
    urldate = {2023-03-28},
}

@online{graminedocs,
    author = {{Gramine}},
    title = {{Building Gramine}},
    url = {https://gramine.readthedocs.io/en/latest/index.html},
    year = 2023,
    urldate = {2023-05-19},
}

@inproceedings {graminesgxwp,
    author = {Chia-che Tsai and Donald E. Porter and Mona Vij},
    title = {{Graphene-SGX}: A Practical Library {OS} for Unmodified Applications on {SGX}},
    booktitle = {2017 USENIX Annual Technical Conference (USENIX ATC 17)},
    year = {2017},
    isbn = {978-1-931971-38-6},
    address = {Santa Clara, CA},
    pages = {645--658},
    url = {https://www.usenix.org/conference/atc17/technical-sessions/presentation/tsai},
    publisher = {USENIX Association},
    month = jul,
}

@online{sgxfail,
    author = {{Stephan van Schaik, Adam Batori, Alex Seto, Bader AlBassam, Christina Garman Thomas Yurek, Andrew Miller, Daniel Genkin, Eyal Ronen, Yuval Yarom}},
    title = {{How Stuff Gets eXposed}},
    url = {https://sgx.fail/},
    year = 2023,
    urldate = {2023-04-16},
}

@software{githubrepo,
    author = {Turtiainen, Maks},
    month = jun,
    title = {{Trusted Execution Environments in protecting ML models}},
    url = {https://github.com/mjturt/thesis},
    version = {1.0.0},
    year = {2023},
}

@misc{dataset,
    author = {{Dheeru Dua, Casey Graff, Ross Quinlan}},
    year = 1993,
    title = {{UCI Machine Learning Repository - Auto MPG Data Set}},
    url = {https://archive.ics.uci.edu/ml/datasets/auto+mpg},
    institution = {University of California, Irvine, School of Information and Computer Sciences},
}

@software{scikit,
    author = {{Scikit-learn Team}},
    title = {Scikit-learn},
    url = {https://scikit-learn.org/stable/},
    version = {1.1.3},
    date = {2023-05-19},
}

@misc{difficulty,
    title={On the Difficulty of Defending Self-Supervised Learning against Model Extraction}, 
    author={Adam Dziedzic and Nikita Dhawan and Muhammad Ahmad Kaleem and Jonas Guan and Nicolas Papernot},
    year={2022},
    eprint={2205.07890},
    archivePrefix={arXiv},
    primaryClass={cs.LG}
}

@ARTICLE{ipofml,
    author={Xue, Mingfu and Zhang, Yushu and Wang, Jian and Liu, Weiqiang},
    journal={IEEE Transactions on Artificial Intelligence}, 
    title={Intellectual Property Protection for Deep Learning Models: Taxonomy, Methods, Attacks, and Evaluations}, 
    year={2022},
    volume={3},
    number={6},
    pages={908-923},
    doi={10.1109/TAI.2021.3133824}
}

@book{zhou2021machine,
  title={Machine learning},
  author={Zhou, Zhi-Hua},
  year={2021},
  publisher={Springer Nature}
}

@book{burkov2019hundred,
  title={The Hundred-Page Machine Learning Book},
  author={Burkov, A.},
  isbn={9781999579517},
  url={https://books.google.fi/books?id=0jbxwQEACAAJ},
  year={2019},
  publisher={Andriy Burkov}
}

@book{russell2010artificial,
  title={Artificial intelligence a modern approach},
  author={Russell, Stuart J},
  year={2010},
  publisher={Pearson Education, Inc.}
}

@article{wang2019defining,
  title={On defining artificial intelligence},
  author={Wang, Pei},
  journal={Journal of Artificial General Intelligence},
  volume={10},
  number={2},
  pages={1--37},
  year={2019},
  publisher={De Gruyter Poland}
}

@book{alpaydin2020introduction,
  title={Introduction to machine learning},
  author={Alpaydin, Ethem},
  year={2020},
  publisher={MIT press}
}

@book{nilsson2009quest,
  title={The quest for artificial intelligence},
  author={Nilsson, Nils J},
  year={2009},
  publisher={Cambridge University Press}
}